<record><leader>00000cas a22000007a 4500</leader><controlfield tag="001">9534019</controlfield><controlfield tag="008">830521d18441845ohuwr ne      0    0eng d</controlfield><controlfield tag="009">3783</controlfield><datafield ind1=" " ind2=" " tag="010"><subfield code="a">sn 83035130 </subfield></datafield><datafield ind1=" " ind2=" " tag="040"><subfield code="a">NPY</subfield><subfield code="b">eng</subfield><subfield code="c">NPY</subfield><subfield code="d">NPX</subfield></datafield><datafield ind1="1" ind2=" " tag="029"><subfield code="a">AU@</subfield><subfield code="b">000025839143</subfield></datafield><datafield ind1=" " ind2=" " tag="042"><subfield code="a">msc</subfield></datafield><datafield ind1="0" ind2="4" tag="245"><subfield code="a">The Ohio American.</subfield></datafield><datafield ind1=" " ind2=" " tag="260"><subfield code="a">Ohio City [Ohio] :</subfield><subfield code="b">R.B. Dennis,</subfield><subfield code="c">1844-1845.</subfield></datafield><datafield ind1=" " ind2=" " tag="300"><subfield code="a">1 v. ;</subfield><subfield code="c">58 cm.</subfield></datafield><datafield ind1=" " ind2=" " tag="310"><subfield code="a">Weekly</subfield></datafield><datafield ind1="0" ind2=" " tag="362"><subfield code="a">Vol. 1, no. 1 (Sept. 19, 1844)-v. 1, no. 49 (Aug. 21, 1845).</subfield></datafield><datafield ind1=" " ind2=" " tag="500"><subfield code="a">Editors: R.B. Dennis, 1844; R.B. Dennis, F.B. Pratt, 1844-1845; R.B. Dennis, 1845; R.B. Dennis, L.L. Rice, 1845.</subfield></datafield><datafield ind1=" " ind2=" " tag="500"><subfield code="a">Published simultaneously at Ohio City and Cleveland, Sept. 19, 1844-Feb. 28, 1845; at Cleveland, March 6-Aug. 21, 1845.</subfield></datafield><datafield ind1=" " ind2=" " tag="500"><subfield code="a">Publishers: R.B. Dennis, 1844-1845; R.B. Dennis &amp; L.L. Rice, 1845.</subfield></datafield><datafield ind1=" " ind2=" " tag="500"><subfield code="a">"Anti-slavery."</subfield></datafield><datafield ind1="1" ind2=" " tag="700"><subfield code="a">Dennis, Robert B.</subfield></datafield><datafield ind1="1" ind2=" " tag="700"><subfield code="a">Rice, Lewis L.</subfield></datafield><datafield ind1="1" ind2=" " tag="700"><subfield code="a">Pratt, F. B.</subfield></datafield><datafield ind1=" " ind2=" " tag="752"><subfield code="a">United States</subfield><subfield code="b">Ohio</subfield><subfield code="c">Cuyahoga</subfield><subfield code="d">Cleveland.</subfield></datafield><datafield ind1=" " ind2=" " tag="752"><subfield code="a">United States</subfield><subfield code="b">Ohio</subfield><subfield code="c">Cuyahoga</subfield><subfield code="d">Ohio City.</subfield></datafield><datafield ind1="0" ind2="0" tag="785"><subfield code="t">Cleveland American</subfield><subfield code="w">(DLC)sn 83035131</subfield></datafield></record>